{"btc_usd":[{"type":"bid","price":63202.48484986,"amount":0.00052227,"tid":205159932,"timestamp":1636309619},{"type":"ask","price":63202.48484986,"amount":0.00010044,"tid":205159931,"timestamp":1636309605},{"type":"ask","price":63195.0430421,"amount":0.00093764,"tid":205159930,"timestamp":1636309537},{"type":"ask","price":63300,"amount":0.00010027,"tid":205159929,"timestamp":1636309521},{"type":"bid","price":63620,"amount":0.00066847,"tid":205159928,"timestamp":1636309276},{"type":"bid","price":63537.1392783,"amount":0.00031307,"tid":205159927,"timestamp":1636309251},{"type":"ask","price":63195.0417621,"amount":0.00241237,"tid":205159926,"timestamp":1636308904},{"type":"ask","price":63499.55735252,"amount":0.00080844,"tid":205159925,"timestamp":1636308880},{"type":"bid","price":63537.1392783,"amount":0.00016563,"tid":205159924,"timestamp":1636307959},{"type":"bid","price":63529.87084204,"amount":0.00030637,"tid":205159923,"timestamp":1636307959},{"type":"ask","price":63383.51541969,"amount":0.00029911,"tid":205159922,"timestamp":1636307667},{"type":"bid","price":63620,"amount":0.00020947,"tid":205159921,"timestamp":1636307661},{"type":"ask","price":63192.37415075,"amount":0.00062967,"tid":205159920,"timestamp":1636307433},{"type":"ask","price":63271.57257798,"amount":0.00010044,"tid":205159919,"timestamp":1636307433},{"type":"ask","price":63271.57257798,"amount":0.0001109,"tid":205159918,"timestamp":1636307433},{"type":"ask","price":63345.85673736,"amount":0.00021027,"tid":205159917,"timestamp":1636307413},{"type":"ask","price":63565.63611359,"amount":0.00001056,"tid":205159916,"timestamp":1636307413},{"type":"bid","price":63486.71250059,"amount":0.00046691,"tid":205159915,"timestamp":1636307150},{"type":"bid","price":63486.71250059,"amount":0.00062539,"tid":205159914,"timestamp":1636307146},{"type":"ask","price":63486.71250057,"amount":0.00036033,"tid":205159913,"timestamp":1636306820},{"type":"ask","price":63486.71250057,"amount":0.0003199,"tid":205159912,"timestamp":1636306801},{"type":"ask","price":63486.71250059,"amount":0.00012582,"tid":205159911,"timestamp":1636306572},{"type":"ask","price":63605.5252476,"amount":0.00021036,"tid":205159910,"timestamp":1636305889},{"type":"ask","price":63605.5252476,"amount":0.0001509,"tid":205159909,"timestamp":1636305857},{"type":"ask","price":63620,"amount":0.00285069,"tid":205159908,"timestamp":1636305738},{"type":"ask","price":63620,"amount":0.00019593,"tid":205159907,"timestamp":1636305694},{"type":"bid","price":63674,"amount":0.00010534,"tid":205159906,"timestamp":1636305657},{"type":"bid","price":63674,"amount":0.00018277,"tid":205159905,"timestamp":1636305581},{"type":"bid","price":63674,"amount":0.00027234,"tid":205159904,"timestamp":1636305243},{"type":"bid","price":63674,"amount":0.00031598,"tid":205159903,"timestamp":1636305242},{"type":"bid","price":63674,"amount":0.00030831,"tid":205159902,"timestamp":1636305195},{"type":"ask","price":63620,"amount":0.00028576,"tid":205159901,"timestamp":1636305065},{"type":"ask","price":63620,"amount":0.00086844,"tid":205159900,"timestamp":1636304944},{"type":"ask","price":63620,"amount":0.00214999,"tid":205159899,"timestamp":1636304902},{"type":"bid","price":63675,"amount":0.00024937,"tid":205159898,"timestamp":1636304821},{"type":"ask","price":63620,"amount":0.00047557,"tid":205159897,"timestamp":1636304728},{"type":"ask","price":63620,"amount":0.00029195,"tid":205159896,"timestamp":1636304692},{"type":"ask","price":63620,"amount":0.00025058,"tid":205159895,"timestamp":1636304609},{"type":"ask","price":63620,"amount":0.00019202,"tid":205159894,"timestamp":1636304607},{"type":"ask","price":63620,"amount":0.00010734,"tid":205159893,"timestamp":1636304595},{"type":"ask","price":63620,"amount":0.00018832,"tid":205159892,"timestamp":1636304461},{"type":"ask","price":63620,"amount":0.00025425,"tid":205159891,"timestamp":1636304434},{"type":"ask","price":63620,"amount":0.00390749,"tid":205159890,"timestamp":1636304406},{"type":"ask","price":63620,"amount":0.00076152,"tid":205159889,"timestamp":1636304387},{"type":"ask","price":63620,"amount":0.00030715,"tid":205159888,"timestamp":1636304336},{"type":"bid","price":63700,"amount":0.00043568,"tid":205159887,"timestamp":1636304172},{"type":"bid","price":63700,"amount":0.00017116,"tid":205159886,"timestamp":1636303968},{"type":"ask","price":63620,"amount":0.002,"tid":205159885,"timestamp":1636303743},{"type":"bid","price":63699.999999,"amount":0.00031982,"tid":205159884,"timestamp":1636303720},{"type":"ask","price":63620,"amount":0.00063132,"tid":205159883,"timestamp":1636303662},{"type":"ask","price":63605.5252476,"amount":0.0001161,"tid":205159882,"timestamp":1636303054},{"type":"bid","price":63700,"amount":0.00013474,"tid":205159881,"timestamp":1636302964},{"type":"bid","price":63700,"amount":0.00158927,"tid":205159880,"timestamp":1636302960},{"type":"bid","price":63700,"amount":0.00027215,"tid":205159879,"timestamp":1636302959},{"type":"bid","price":63699.9996,"amount":0.001,"tid":205159878,"timestamp":1636302959},{"type":"bid","price":63699.9996,"amount":0.0001106,"tid":205159877,"timestamp":1636302959},{"type":"bid","price":63699.86355297,"amount":0.01161178,"tid":205159876,"timestamp":1636302959},{"type":"bid","price":63699.86354297,"amount":0.00919061,"tid":205159875,"timestamp":1636302959},{"type":"bid","price":63699.86354297,"amount":0.00061781,"tid":205159874,"timestamp":1636302958},{"type":"bid","price":63699.86354297,"amount":0.00302536,"tid":205159873,"timestamp":1636302957},{"type":"bid","price":63699.86355297,"amount":0.00110292,"tid":205159872,"timestamp":1636302950},{"type":"bid","price":63675.22142299,"amount":0.00010352,"tid":205159871,"timestamp":1636302950},{"type":"bid","price":63650,"amount":0.00029254,"tid":205159870,"timestamp":1636302950},{"type":"bid","price":63643.37606987,"amount":0.00010064,"tid":205159869,"timestamp":1636302949},{"type":"bid","price":63639.99418998,"amount":0.00011007,"tid":205159868,"timestamp":1636302949},{"type":"bid","price":63636.22750734,"amount":0.00010022,"tid":205159867,"timestamp":1636302949},{"type":"bid","price":63579,"amount":0.000101,"tid":205159866,"timestamp":1636302949},{"type":"bid","price":63534.1077834,"amount":0.00000027,"tid":205159865,"timestamp":1636302949},{"type":"bid","price":63534.1077834,"amount":0.00013428,"tid":205159864,"timestamp":1636302943},{"type":"bid","price":63534.1077834,"amount":0.00023576,"tid":205159863,"timestamp":1636302903},{"type":"ask","price":63485.95066916,"amount":0.00041201,"tid":205159862,"timestamp":1636302505},{"type":"ask","price":63534.10687933,"amount":0.00021623,"tid":205159861,"timestamp":1636302505},{"type":"bid","price":63534.10687933,"amount":0.00010022,"tid":205159860,"timestamp":1636301919},{"type":"ask","price":63491.61581136,"amount":0.0001612,"tid":205159859,"timestamp":1636301694},{"type":"ask","price":63491.61581136,"amount":0.0002015,"tid":205159858,"timestamp":1636301649},{"type":"bid","price":63491.61581136,"amount":0.00041093,"tid":205159857,"timestamp":1636300998},{"type":"bid","price":63534.10683933,"amount":0.00247055,"tid":205159856,"timestamp":1636300613},{"type":"bid","price":63534.10685933,"amount":0.00264299,"tid":205159855,"timestamp":1636300611},{"type":"bid","price":63534.10684933,"amount":0.0023081,"tid":205159854,"timestamp":1636300611},{"type":"bid","price":63534.10684933,"amount":0.00389604,"tid":205159853,"timestamp":1636300607},{"type":"bid","price":63501.1492837,"amount":0.00025732,"tid":205159852,"timestamp":1636300607},{"type":"bid","price":63501.14819768,"amount":0.00010022,"tid":205159851,"timestamp":1636300607},{"type":"bid","price":63404.57739541,"amount":0.00109464,"tid":205159850,"timestamp":1636300607},{"type":"bid","price":63388.10067977,"amount":0.00109466,"tid":205159849,"timestamp":1636300607},{"type":"bid","price":63350,"amount":0.00044718,"tid":205159848,"timestamp":1636300607},{"type":"bid","price":63350,"amount":0.00031197,"tid":205159847,"timestamp":1636300607},{"type":"bid","price":63349.99823999,"amount":0.00011083,"tid":205159846,"timestamp":1636300607},{"type":"bid","price":63311.57105098,"amount":0.00266251,"tid":205159845,"timestamp":1636300607},{"type":"bid","price":63311.57105098,"amount":0.00074195,"tid":205159844,"timestamp":1636300588},{"type":"bid","price":63311.57105098,"amount":0.0002115,"tid":205159843,"timestamp":1636300579},{"type":"bid","price":63311.57105098,"amount":0.00051223,"tid":205159842,"timestamp":1636300057},{"type":"bid","price":63311.57105098,"amount":0.00046799,"tid":205159841,"timestamp":1636300042},{"type":"bid","price":63311.57105098,"amount":0.00026845,"tid":205159840,"timestamp":1636299971},{"type":"bid","price":63311.57105098,"amount":0.00013537,"tid":205159839,"timestamp":1636299950},{"type":"bid","price":63311.57105098,"amount":0.00033036,"tid":205159838,"timestamp":1636299950},{"type":"bid","price":63311.57105098,"amount":0.00076528,"tid":205159837,"timestamp":1636299938},{"type":"ask","price":63191.61581136,"amount":0.0006,"tid":205159836,"timestamp":1636299750},{"type":"bid","price":63219.2258252,"amount":0.00010512,"tid":205159835,"timestamp":1636299657},{"type":"bid","price":63219.2258252,"amount":0.00082148,"tid":205159834,"timestamp":1636299625},{"type":"bid","price":63219.2258252,"amount":0.00016962,"tid":205159833,"timestamp":1636299545},{"type":"ask","price":63000,"amount":0.00044718,"tid":205159832,"timestamp":1636299357},{"type":"ask","price":63000,"amount":0.00031197,"tid":205159831,"timestamp":1636299357},{"type":"ask","price":63000.004081,"amount":0.00011083,"tid":205159830,"timestamp":1636299357},{"type":"ask","price":63049.99936849,"amount":0.00010022,"tid":205159829,"timestamp":1636299357},{"type":"ask","price":63049.99936849,"amount":0.00109838,"tid":205159828,"timestamp":1636299333},{"type":"bid","price":63049.99936849,"amount":0.00001326,"tid":205159827,"timestamp":1636299326},{"type":"bid","price":63049.99936849,"amount":0.00659773,"tid":205159826,"timestamp":1636299326},{"type":"ask","price":63049.9993685,"amount":0.00000005,"tid":205159825,"timestamp":1636299324},{"type":"ask","price":63049.9993685,"amount":0.00041088,"tid":205159824,"timestamp":1636299321},{"type":"ask","price":63060.01,"amount":0.00010042,"tid":205159823,"timestamp":1636299321},{"type":"ask","price":63060.01,"amount":0.00025732,"tid":205159822,"timestamp":1636299321},{"type":"ask","price":63060.01,"amount":0.00110968,"tid":205159821,"timestamp":1636299321},{"type":"ask","price":63202.78224676,"amount":0.0001,"tid":205159820,"timestamp":1636299321},{"type":"ask","price":63202.78224676,"amount":0.00498064,"tid":205159819,"timestamp":1636299320},{"type":"ask","price":63202.78224676,"amount":0.0004021,"tid":205159818,"timestamp":1636299261},{"type":"bid","price":63202.78224676,"amount":0.00076971,"tid":205159817,"timestamp":1636299249},{"type":"bid","price":63202.78224676,"amount":0.00032684,"tid":205159816,"timestamp":1636299058},{"type":"ask","price":63060.01,"amount":0.00041308,"tid":205159815,"timestamp":1636298941},{"type":"ask","price":63186.32932025,"amount":0.00054604,"tid":205159814,"timestamp":1636298941},{"type":"ask","price":63186.32932025,"amount":0.00044,"tid":205159813,"timestamp":1636298940},{"type":"bid","price":63186.32932025,"amount":0.00109672,"tid":205159812,"timestamp":1636298937},{"type":"bid","price":63060.5386568,"amount":0.00109785,"tid":205159811,"timestamp":1636298935},{"type":"bid","price":63122.39380654,"amount":0.00143315,"tid":205159810,"timestamp":1636298831},{"type":"ask","price":63060.01,"amount":0.00047724,"tid":205159809,"timestamp":1636298795},{"type":"ask","price":63070,"amount":0.0065998,"tid":205159808,"timestamp":1636298795},{"type":"ask","price":63070.00069,"amount":0.00635265,"tid":205159807,"timestamp":1636298795},{"type":"ask","price":63070.0007,"amount":0.00343426,"tid":205159806,"timestamp":1636298795},{"type":"bid","price":63122.39380654,"amount":0.0024029,"tid":205159805,"timestamp":1636298762},{"type":"bid","price":63122.39380654,"amount":0.00630317,"tid":205159804,"timestamp":1636298762},{"type":"bid","price":63122.39380654,"amount":0.00109655,"tid":205159803,"timestamp":1636298760},{"type":"ask","price":63070.00065,"amount":0.00057191,"tid":205159802,"timestamp":1636298755},{"type":"bid","price":63312.33079894,"amount":0.0004727,"tid":205159801,"timestamp":1636298720},{"type":"bid","price":63235.7971698,"amount":0.00207476,"tid":205159800,"timestamp":1636298720},{"type":"ask","price":63235.79716981,"amount":0.00000002,"tid":205159799,"timestamp":1636298717},{"type":"ask","price":63235.79716981,"amount":0.00109209,"tid":205159798,"timestamp":1636298714},{"type":"ask","price":63252.21004079,"amount":0.00109187,"tid":205159797,"timestamp":1636298714},{"type":"ask","price":63070.00046,"amount":0.00252581,"tid":205159796,"timestamp":1636298606},{"type":"bid","price":63578.99891,"amount":0.00025904,"tid":205159795,"timestamp":1636298048},{"type":"bid","price":63289.67543911,"amount":0.00083719,"tid":205159794,"timestamp":1636298036},{"type":"bid","price":63289.67543431,"amount":0.00028057,"tid":205159793,"timestamp":1636298036},{"type":"bid","price":63149.9993685,"amount":0.00015688,"tid":205159792,"timestamp":1636298036},{"type":"ask","price":63060.01006,"amount":0.00333332,"tid":205159791,"timestamp":1636297896},{"type":"ask","price":63060.00007,"amount":0.00367833,"tid":205159790,"timestamp":1636297663},{"type":"bid","price":63149.9993685,"amount":0.00010151,"tid":205159789,"timestamp":1636297608},{"type":"bid","price":63149.9993685,"amount":0.00015156,"tid":205159788,"timestamp":1636297564},{"type":"ask","price":63003.7401199,"amount":0.0028711,"tid":205159787,"timestamp":1636297399},{"type":"ask","price":63003.7401099,"amount":0.00132648,"tid":205159786,"timestamp":1636297392},{"type":"ask","price":63039.32264368,"amount":0.00011022,"tid":205159785,"timestamp":1636297392},{"type":"ask","price":63066.86943458,"amount":0.00010022,"tid":205159784,"timestamp":1636297392},{"type":"ask","price":63066.86943458,"amount":0.00000284,"tid":205159783,"timestamp":1636297391}]}